@manual{ 1,
title = "Pattern Matching",
organization = "GeeksforGeeks",
note ="\url{https://www.geeksforgeeks.org/program-to-print-hollow-rectangle-or-square-star-patterns/}"

}



@manual{ 2,
title = "Shift Elements by n slices",
organization = "StackExchange",
note ="\url{https://codereview.stackexchange.com/questions/88684/shift-elements-left-by-n-indices-in-a-list}"
}





